@misc{rprojectInternals,
	author = {},
	title = {{R} {I}nternals --- cran.r-project.org},
	howpublished = {\url{https://cran.r-project.org/doc/manuals/r-release/R-ints.html}},
	year = {},
	note = {[Accessed 14-04-2025]},
}
